@Misc{webcomponents.org,
	author =       {WebComponents.org contributors},
	title =        {WebComponents.org -- a place to discuss and evolve web component best-practices},
	howpublished = {\url{http://webcomponents.org}},
	note =	       {Accessed: 2015-05-27},
	year =         2015,
	annote =       {URL}
}

@Misc{jira,
	author =       {Atlassian},
	title =        {JIRA -- The flexible and scalable issue tracker for software teams},
	howpublished = {\url{https://www.atlassian.com/software/jira}},
	note =	       {Accessed: 2015-06-16},
	year =         2015,
	annote =       {URL}
}

@Misc{websocketRFC,
	author =       {I. Fette and A. Melnikov},
	title =        {The WebSocket Protocol},
	year =         2011,
	month =        {December},
	howpublished = {\url{https://tools.ietf.org/html/rfc6455}},
	note =	       {Accessed: 2015-05-27},
	annote =       {URL}
}

@Misc{mediaqueriesW3C,
	author =       {Rivoal, Florian and  Wium Lie, Håkon and Çelik, Tantek and Glazman, Daniel and van Kesteren, Anne},
	title =        {Media Queries -- W3C Recommendation},
	year =         2012,
	day =          19,
	month =        {June},
	howpublished = {\url{http://www.w3.org/TR/css3-mediaqueries}},
	note =	       {Accessed: 2015-05-27},
	annote =       {URL}
}

@Misc{HTMLImports,
	author =       {Dimitri Glazkov and Hajime Morrita},
	title =        {HTML Imports -- W3C Working Draft},
	year =         2014,
	day =          11,
	month =        {March},
	howpublished = {\url{http://www.w3.org/TR/html-imports}},
	note =	       {Accessed: 2015-06-17},
	annote =       {URL}
}

@Misc{ShadowDOM,
	author =       {Dimitri Glazkov and Hayato Ito},
	title =        {Shadow DOM -- W3C Working Draft},
	year =         2014,
	day =          17,
	month =        {June},
	howpublished = {\url{http://www.w3.org/TR/shadow-dom}},
	note =	       {Accessed: 2015-06-17},
	annote =       {URL}
}

@Misc{CustomElements,
	author =       {Dimitri Glazkov},
	title =        {Custom Elements -- W3C Working Draft},
	year =         2014,
	day =          16,
	month =        {December},
	howpublished = {\url{http://www.w3.org/TR/custom-elements}},
	note =	       {Accessed: 2015-06-17},
	annote =       {URL}
}

@Misc{TemplateElement,
	author =       {Ian Hickson and Robin Berjon and Steve Faulkner and Travis Leithead and Erika Doyle Navara and Edward O'Connor and Silvia Pfeiffer},
	title =        {HTML5 -- W3C Recommendation},
	year =         2014,
	day =          28,
	month =        {October},
	howpublished = {\url{http://www.w3.org/TR/html5/scripting-1.html#the-template-element}},
	note =	       {Accessed: 2015-06-17},
	annote =       {URL}
}

@misc{polymer,
	title =        {Polymer},
	author =       {Polymer Authors},
	howpublished = {\url{https://www.polymer-project.org}},
	note =         {Accessed: 2015-05-30},
	year =         2015
}

@misc{interactJs,
	title =        {interact.js},
	author =       {Taye Adeyemi},
	howpublished = {\url{http://interactjs.io}},
	note =         {Accessed: 2015-05-30},
	year =         2015
}


@Misc{Kropp:2015,
	author =       {Kropp, Martin and Meier, Andreas},
	title =        {Swiss Agile Study 2014},
	year =         2015,
	month =        {May},
	howpublished =	       {\url{http://www.swissagilestudy.ch/files/2015/05/SwissAgileStudy2014.pdf}},
	note =         {Accessed: 2015-05-29},
	annote =       {URL}
}
@masterthesis{udcw:31721,
	author = {Stevenson Gossage},
	title = {Understanding the Digital Card Wall for Agile Software Development},
	school = {Carleton University},
	year = {2014},
	month = {May},
	note = {Master thesis}
}

@book{Cockburn:2001,
	title =        {Agile Software Development},
	author =       {Alistair Cockburn},
	isbn =         {9780201699692},
	year =         2001,
	publisher =    {Addison-Wesley Professional}
}

@book{Stellman:2014,
	title =        {Learning Agile},
	author =       {Stellman, Andrew and Greene, Jennnifer},
	isbn =         {978-1-4493-3192-4},
	year =         2014,
	publisher =    {O'Reilly Media}
}

@book{Marcotte:2011,
	title =        {Responsive Web Design},
	author =       {Ethan Marcotte},
	isbn =         {978-1-9375571-8-8},
	year =         2011,
	publisher =    {A Book Apart}
}

@book{Wroblewski:2011,
	title =        {Mobile First},
	author =       {Luke Wroblewski},
	isbn =         {978-1-937557-02-7},
	year =         2011,
	publisher =    {A Book Apart}
}


@unpublished{Mateescu:2015,
	author = {Magdalena Mateescu and Martin Kropp and Roger Burkhard and Carmen Zahn},
	title = {aWall – Designing Socio-Cognitive Tools for agile team collaboration with large Multi-Touch Wall Systems},
	note = {To be submitted},
	year = 2015,
	month = {October}
}

@inproceedings{Chokshi:2014:EMM:2669485.2669520,
	author = {Chokshi, Apoorve and Seyed, Teddy and Marinho Rodrigues, Francisco and Maurer, Frank},
	title = {ePlan Multi-Surface: A Multi-Surface Environment for Emergency Response Planning Exercises},
	booktitle = {Proceedings of the Ninth ACM International Conference on Interactive Tabletops and Surfaces},
	series = {ITS '14},
	year = {2014},
	isbn = {978-1-4503-2587-5},
	location = {Dresden, Germany},
	pages = {219--228},
	numpages = {10},
	url = {http://doi.acm.org/10.1145/2669485.2669520},
	doi = {10.1145/2669485.2669520},
	acmid = {2669520},
	publisher = {ACM},
	address = {New York, NY, USA},
	keywords = {crisis management, cross-device interactions, emergency, emergency management, emergency operations, gestures, mobile devices, multi-surface environments, peripheral interactions, risk communication, tabletops},
} 

@inproceedings{Haas:2014:TAV:2669485.2669538,
	author = {Haas, Benedikt and Echtler, Florian},
	title = {Task Assignment and Visualization on Tabletops and Smartphones},
	booktitle = {Proceedings of the Ninth ACM International Conference on Interactive Tabletops and Surfaces},
	series = {ITS '14},
	year = {2014},
	isbn = {978-1-4503-2587-5},
	location = {Dresden, Germany},
	pages = {311--316},
	numpages = {6},
	url = {http://doi.acm.org/10.1145/2669485.2669538},
	doi = {10.1145/2669485.2669538},
	acmid = {2669538},
	publisher = {ACM},
	address = {New York, NY, USA},
	keywords = {direct manipulation, face-to-face collaboration, smartphone devices, tabletop (surface) computers, task assignment, task visualization},
} 

@inproceedings{Rubart:2014:CMS:2669485.2669551,
	author = {Rubart, Jessica},
	title = {A Cooperative Multitouch Scrum Task Board for Synchronous Face-to-Face Collaboration},
	booktitle = {Proceedings of the Ninth ACM International Conference on Interactive Tabletops and Surfaces},
	series = {ITS '14},
	year = {2014},
	isbn = {978-1-4503-2587-5},
	location = {Dresden, Germany},
	pages = {387--392},
	numpages = {6},
	url = {http://doi.acm.org/10.1145/2669485.2669551},
	doi = {10.1145/2669485.2669551},
	acmid = {2669551},
	publisher = {ACM},
	address = {New York, NY, USA},
	keywords = {agile planning, cscw, interactive tabletops, multitouch, multitouch table, scrum, scrum task board},
} 

@INPROCEEDINGS{Ghanam:4599452, 
	author={Ghanam, Y. and Xin Wang and Maurer, F.}, 
	booktitle={Agile, 2008. AGILE '08. Conference}, 
	title={Utilizing Digital Tabletops in Collocated Agile Planning Meetings}, 
	year={2008}, 
	month={Aug}, 
	pages={51-62}, 
	keywords={groupware;microcomputers;software engineering;agile planning;agile software development;collocated agile planning;digital tabletops;horizontal displays;Collaboration;Collaborative software;Concrete;Displays;Keyboards;Laboratories;Meeting planning;Mice;Programming;Proposals;Agile;collocated;meeting;planning;tabletop}, 
	doi={10.1109/Agile.2008.13}
}

@inproceedings{Pandey:2013:RDT:2525194.2525271,
	author = {Pandey, Sumit},
	title = {Responsive Design for Transaction Banking - a Responsible Approach},
	booktitle = {Proceedings of the 11th Asia Pacific Conference on Computer Human Interaction},
	series = {APCHI '13},
	year = {2013},
	isbn = {978-1-4503-2253-9},
	location = {Bangalore, India},
	pages = {291--295},
	numpages = {5},
	url = {http://doi.acm.org/10.1145/2525194.2525271},
	doi = {10.1145/2525194.2525271},
	acmid = {2525271},
	publisher = {ACM},
	address = {New York, NY, USA},
	keywords = {adaptive interfaces, interaction design, mobile devices, mobile first, responsive web design},
}

@inproceedings{Sukale:2014:PWD:2638728.2638768,
	author = {Sukale, Ryan and Koval, Olesia and Voida, Stephen},
	title = {The Proxemic Web: Designing for Proxemic Interactions with Responsive Web Design},
	booktitle = {Proceedings of the 2014 ACM International Joint Conference on Pervasive and Ubiquitous Computing: Adjunct Publication},
	series = {UbiComp '14 Adjunct},
	year = {2014},
	isbn = {978-1-4503-3047-3},
	location = {Seattle, Washington},
	pages = {171--174},
	numpages = {4},
	url = {http://doi.acm.org/10.1145/2638728.2638768},
	doi = {10.1145/2638728.2638768},
	acmid = {2638768},
	publisher = {ACM},
	address = {New York, NY, USA},
	keywords = {design, human factors, proxemics, responsive web design, ubiquitous computing, web design},
}

@inproceedings{Badam:2014:PCF:2669485.2669518,
	author = {Badam, Sriram Karthik and Elmqvist, Niklas},
	title = {PolyChrome: A Cross-Device Framework for Collaborative Web Visualization},
	booktitle = {Proceedings of the Ninth ACM International Conference on Interactive Tabletops and Surfaces},
	series = {ITS '14},
	year = {2014},
	isbn = {978-1-4503-2587-5},
	location = {Dresden, Germany},
	pages = {109--118},
	numpages = {10},
	url = {http://doi.acm.org/10.1145/2669485.2669518},
	doi = {10.1145/2669485.2669518},
	acmid = {2669518},
	publisher = {ACM},
	address = {New York, NY, USA},
	keywords = {co-browsing, cross-device interaction, distributed visualization, multi-display environments},
}


